@String{springer = {Springer-Verlag}}
@String{lncs = {Lecture Notes in Computer Science}}
@String{acm:cs = {ACM Computing Surveys}}
@String{acm:debs = {ACM International Conference on Distributed Event-Based Systems}}
@String{acm:icse = {ACM International Conference on Software Engineering}}
@String{acm:midd = {IFIP/ACM/USENIX International Middleware Conference}}
@String{acm:toplas = {ACM Transactions on Programming Languages and Systems}}
@String{ieee:comp = {IEEE Computer}}
@String{ieee:dso = {IEEE Distributed Systems Online}}
@String{ieee:perv = {IEEE Pervasive Computing}}
@String{ieee:tose = {IEEE Transactions on Software Engineering}}

@inproceedings{DBLP:conf/intenv/Noureddine22,
  author    = {Adel Noureddine},
  title     = {PowerJoular and JoularJX: Multi-Platform Software Power Monitoring Tools},
  booktitle = {18th International Conference on Intelligent Environments, {IE} 2022,
               Biarritz, France, June 20-23, 2022},
  pages     = {1--4},
  publisher = {{IEEE}},
  year      = {2022}
}

@inproceedings{DBLP:conf/esem/SahinPC14,
  author       = {Cagri Sahin and
                  Lori L. Pollock and
                  James Clause},
  editor       = {Maurizio Morisio and
                  Tore Dyb{\aa} and
                  Marco Torchiano},
  title        = {How do code refactorings affect energy usage?},
  booktitle    = {2014 {ACM-IEEE} International Symposium on Empirical Software Engineering
                  and Measurement, {ESEM} '14, Torino, Italy, September 18-19, 2014},
  pages        = {36:1--36:10},
  publisher    = {{ACM}},
  year         = {2014}
}

@article{DBLP:journals/ijebm/AcarAGG16,
  author       = {Hayri Acar and
                  G{\"{u}}lfem Isiklar Alptekin and
                  Jean{-}Patrick Gelas and
                  Parisa Ghodous},
  title        = {The Impact Of Source Code In Software On Power Consumption},
  journal      = {Int. J. Electron. Bus. Manag.},
  volume       = {14},
  year         = {2016}
}

@article{DBLP:journals/smr/FeitosaAAAN17,
  author       = {Daniel Feitosa and
                  Rutger Alders and
                  Apostolos Ampatzoglou and
                  Paris Avgeriou and
                  Elisa Yumi Nakagawa},
  title        = {Investigating the effect of design patterns on energy consumption},
  journal      = {J. Softw. Evol. Process.},
  volume       = {29},
  number       = {2},
  year         = {2017}
}

@article{DBLP:journals/tse/MoralesSKCA18,
  author       = {Rodrigo Morales and
                  Rub{\'{e}}n Saborido and
                  Foutse Khomh and
                  Francisco Chicano and
                  Giuliano Antoniol},
  title        = {{EARMO:} An Energy-Aware Refactoring Approach for Mobile Apps},
  journal      = {{IEEE} Trans. Software Eng.},
  volume       = {44},
  number       = {12},
  pages        = {1176--1206},
  year         = {2018}
}

@article{DBLP:journals/infsof/PalombaNPZL19,
  author       = {Fabio Palomba and
                  Dario Di Nucci and
                  Annibale Panichella and
                  Andy Zaidman and
                  Andrea De Lucia},
  title        = {On the impact of code smells on the energy consumption of mobile applications},
  journal      = {Inf. Softw. Technol.},
  volume       = {105},
  pages        = {43--55},
  year         = {2019}
}



@inproceedings{DBLP:conf/gecco/BrownleePABWW19,
  author       = {Alexander E. I. Brownlee and
                  Justyna Petke and
                  Brad Alexander and
                  Earl T. Barr and
                  Markus Wagner and
                  David Robert White},
  editor       = {Anne Auger and
                  Thomas St{\"{u}}tzle},
  title        = {Gin: genetic improvement research made easy},
  booktitle    = {Proceedings of the Genetic and Evolutionary Computation Conference,
                  {GECCO} 2019, Prague, Czech Republic, July 13-17, 2019},
  pages        = {985--993},
  publisher    = {{ACM}},
  year         = {2019}
}

@article{DBLP:journals/tec/PetkeHHLWW18,
  author       = {Justyna Petke and
                  Saemundur O. Haraldsson and
                  Mark Harman and
                  William B. Langdon and
                  David Robert White and
                  John R. Woodward},
  title        = {Genetic Improvement of Software: {A} Comprehensive Survey},
  journal      = {{IEEE} Trans. Evol. Comput.},
  volume       = {22},
  number       = {3},
  pages        = {415--432},
  year         = {2018}
}


@inproceedings{DBLP:conf/gecco/ZuoBP22,
  author       = {Shengjie Zuo and
                  Aymeric Blot and
                  Justyna Petke},
  editor       = {Jonathan E. Fieldsend and
                  Markus Wagner},
  title        = {Evaluation of genetic improvement tools for improvement of non-functional
                  properties of software},
  booktitle    = {{GECCO} '22: Genetic and Evolutionary Computation Conference, Companion
                  Volume, Boston, Massachusetts, USA, July 9 - 13, 2022},
  pages        = {1956--1965},
  publisher    = {{ACM}},
  year         = {2022}
}

@inproceedings{DBLP:conf/greens/NoureddineBRS12,
  author       = {Adel Noureddine and
                  Aurelien Bourdon and
                  Romain Rouvoy and
                  Lionel Seinturier},
  editor       = {Rick Kazman and
                  Patricia Lago and
                  Niklaus Meyer and
                  Maurizio Morisio and
                  Hausi A. M{\"{u}}ller and
                  Frances Paulisch and
                  Giuseppe Scanniello and
                  Olaf Zimmermann},
  title        = {A preliminary study of the impact of software engineering on GreenIT},
  booktitle    = {First International Workshop on Green and Sustainable Software, {GREENS}
                  2012, Zurich, Switzerland, June 3, 2012},
  pages        = {21--27},
  publisher    = {{IEEE} Computer Society},
  year         = {2012}
}


@inproceedings{DBLP:conf/ict4s/VosLVH22,
  author       = {Sophie Vos and
                  Patricia Lago and
                  Roberto Verdecchia and
                  Ilja Heitlager},
  title        = {Architectural Tactics to Optimize Software for Energy Efficiency in
                  the Public Cloud},
  booktitle    = {International Conference on {ICT} for Sustainability, {ICT4S} 2022,
                  Plovdiv, Bulgaria, June 13-17, 2022},
  pages        = {77--87},
  publisher    = {{IEEE}},
  year         = {2022}
}


@inproceedings{DBLP:conf/enase/SchaarschmidtUP20a,
  author       = {Marco Schaarschmidt and
                  Michael Uelschen and
                  Elke Pulverm{\"{u}}ller and
                  Clemens Westerkamp},
  editor       = {Raian Ali and
                  Hermann Kaindl and
                  Leszek A. Maciaszek},
  title        = {Energy-Aware Pattern Framework: The Energy-Efficiency Challenge for
                  Embedded Systems from a Software Design Perspective},
  booktitle    = {Evaluation of Novel Approaches to Software Engineering - 15th International
                  Conference, {ENASE} 2020, Prague, Czech Republic, May 5-6, 2020, Revised
                  Selected Papers},
  series       = {Communications in Computer and Information Science},
  volume       = {1375},
  pages        = {182--207},
  publisher    = {Springer},
  year         = {2020}
}

@article{csanlialp2022energy,
  title={Energy Efficiency Analysis of Code Refactoring Techniques for Green and Sustainable Software in Portable Devices},
  author={{\c{S}}anl{\i}alp, {\.I}brahim and {\"O}zt{\"u}rk, Muhammed Maruf and Yi{\u{g}}it, Tuncay},
  journal={Electronics},
  volume={11},
  number={3},
  pages={442},
  year={2022},
  publisher={MDPI}
}


@techreport{RoskildeUniversity2016,
  title = {ENTRA 318337 — Whole-Systems ENergy TRAnsparency — Energy-Aware Software Development Methods and Tools},
  author = {Roskilde University and University of Bristol and IMDEA Software Institute and XMOS Limited},
  year = {2016},
  institution = {IMDEA Software Institute},
  address = {Madrid, Spain},
  url = {http://entraproject.ruc.dk/wp-content/uploads/2016/03/deliv_1.2.pdf}
}

@article{DBLP:journals/cluster/KimHYL18,
  author       = {Doohwan Kim and
                  Jang{-}Eui Hong and
                  Ilchul Yoon and
                  Sang{-}Ho Lee},
  title        = {Code refactoring techniques for reducing energy consumption in embedded
                  computing environment},
  journal      = {Clust. Comput.},
  volume       = {21},
  number       = {1},
  pages        = {1079--1095},
  year         = {2018}
}

@article{bekaroo2014power,
  title={Power measurement of computers: analysis of the effectiveness of the software based approach},
  author={Bekaroo, Girish and Bokhoree, Chandradeo and Pattinson, Colin},
  journal={Int. J. Emerg. Technol. Adv. Eng},
  volume={4},
  number={5},
  pages={755--762},
  year={2014}
}


@article{DBLP:journals/corr/abs-1004-4431,
  author       = {Jan Treibig and
                  Georg Hager and
                  Gerhard Wellein},
  title        = {{LIKWID:} {A} lightweight performance-oriented tool suite for x86
                  multicore environments},
  journal      = {CoRR},
  volume       = {abs/1004.4431},
  year         = {2010}
}

@inproceedings{DBLP:conf/icsoft/OurnaniRRP21a,
  author       = {Zakaria Ournani and
                  Romain Rouvoy and
                  Pierre Rust and
                  Joel Penhoat},
  editor       = {Hans{-}Georg Fill and
                  Marten van Sinderen and
                  Leszek A. Maciaszek},
  title        = {Tales from the Code {\#}2: {A} Detailed Assessment of Code Refactoring's
                  Impact on Energy Consumption},
  booktitle    = {Software Technologies - 16th International Conference, {ICSOFT} 2021,
                  Virtual Event, July 6-8, 2021, Revised Selected Papers},
  series       = {Communications in Computer and Information Science},
  volume       = {1622},
  pages        = {94--116},
  publisher    = {Springer},
  year         = {2021}
}

@inproceedings{blainey2002removing,
  title={Removing impediments to loop fusion through code transformations},
  author={Blainey, Bob and Barton, Christopher and Amaral, Jos{\'e} Nelson},
  booktitle={International Workshop on Languages and Compilers for Parallel Computing},
  pages={309--328},
  year={2002},
  organization={Springer}
}

@inproceedings{barack2018effectiveness,
  title={Effectiveness of code refactoring techniques for energy consumption in a mobile environment},
  author={Barack, Osama and Huang, L},
  booktitle={Proceedings of the International Conference on Software Engineering Research and Practice (SERP)},
  pages={165--171},
  year={2018}
}
@article{kim2018code,
  title={Code refactoring techniques for reducing energy consumption in embedded computing environment},
  author={Kim, Doohwan and Hong, Jang-Eui and Yoon, Ilchul and Lee, Sang-Ho},
  journal={Cluster computing},
  volume={21},
  pages={1079--1095},
  year={2018},
  publisher={Springer}
}

@inproceedings{DBLP:conf/seke/ParkHL14,
  author       = {Jae Jin Park and
                  Jang{-}Eui Hong and
                  Sang{-}Ho Lee},
  editor       = {Marek Z. Reformat},
  title        = {Investigation for Software Power Consumption of Code Refactoring Techniques},
  booktitle    = {The 26th International Conference on Software Engineering and Knowledge
                  Engineering, Hyatt Regency, Vancouver, BC, Canada, July 1-3, 2013},
  pages        = {717--722},
  publisher    = {Knowledge Systems Institute Graduate School},
  year         = {2014}
}

@inproceedings{DBLP:conf/ssbse/CallanP22,
  author       = {James Callan and
                  Justyna Petke},
  editor       = {Mike Papadakis and
                  Silvia Regina Vergilio},
  title        = {Multi-objective Genetic Improvement: {A} Case Study with EvoSuite},
  booktitle    = {Search-Based Software Engineering - 14th International Symposium,
                  {SSBSE} 2022, Singapore, November 17-18, 2022, Proceedings},
  series       = {Lecture Notes in Computer Science},
  volume       = {13711},
  pages        = {111--117},
  publisher    = {Springer},
  year         = {2022}
}

@inproceedings{DBLP:conf/gecco/BrucePH15,
  author       = {Bobby R. Bruce and
                  Justyna Petke and
                  Mark Harman},
  editor       = {Sara Silva and
                  Anna Isabel Esparcia{-}Alc{\'{a}}zar},
  title        = {Reducing Energy Consumption Using Genetic Improvement},
  booktitle    = {Proceedings of the Genetic and Evolutionary Computation Conference,
                  {GECCO} 2015, Madrid, Spain, July 11-15, 2015},
  pages        = {1327--1334},
  publisher    = {{ACM}},
  year         = {2015}
}

@inproceedings{DBLP:conf/gecco/MrazekVS15,
  author       = {Vojtech Mrazek and
                  Zdenek Vas{\'{\i}}cek and
                  Luk{\'{a}}s Sekanina},
  editor       = {Sara Silva and
                  Anna Isabel Esparcia{-}Alc{\'{a}}zar},
  title        = {Evolutionary Approximation of Software for Embedded Systems: Median
                  Function},
  booktitle    = {Genetic and Evolutionary Computation Conference, {GECCO} 2015, Madrid,
                  Spain, July 11-15, 2015, Companion Material Proceedings},
  pages        = {795--801},
  publisher    = {{ACM}},
  year         = {2015}
}

@inproceedings{DBLP:conf/ssbse/BurlesBBKSV15,
  author       = {Nathan Burles and
                  Edward Bowles and
                  Alexander E. I. Brownlee and
                  Zoltan A. Kocsis and
                  Jerry Swan and
                  Nadarajen Veerapen},
  editor       = {M{\'{a}}rcio de Oliveira Barros and
                  Yvan Labiche},
  title        = {Object-Oriented Genetic Improvement for Improved Energy Consumption
                  in Google Guava},
  booktitle    = {Search-Based Software Engineering - 7th International Symposium, {SSBSE}
                  2015, Bergamo, Italy, September 5-7, 2015, Proceedings},
  series       = {Lecture Notes in Computer Science},
  volume       = {9275},
  pages        = {255--261},
  publisher    = {Springer},
  year         = {2015}
}

@article{DBLP:journals/suscom/CaleroP17,
  author       = {Coral Calero and
                  Mario Piattini},
  title        = {Puzzling out Software Sustainability},
  journal      = {Sustain. Comput. Informatics Syst.},
  volume       = {16},
  pages        = {117--124},
  year         = {2017}
}


@article{DBLP:journals/scp/PereiraCRRCFS21,
  author       = {Rui Pereira and
                  Marco Couto and
                  Francisco Ribeiro and
                  Rui Rua and
                  J{\'{a}}come Cunha and
                  Jo{\~{a}}o Paulo Fernandes and
                  Jo{\~{a}}o Saraiva},
  title        = {Ranking programming languages by energy efficiency},
  journal      = {Sci. Comput. Program.},
  volume       = {205},
  pages        = {102609},
  year         = {2021}
}

@inproceedings{DBLP:conf/icse/NoureddineR15,
  author       = {Adel Noureddine and
                  Ajitha Rajan},
  editor       = {Antonia Bertolino and
                  Gerardo Canfora and
                  Sebastian G. Elbaum},
  title        = {Optimising Energy Consumption of Design Patterns},
  booktitle    = {37th {IEEE/ACM} International Conference on Software Engineering,
                  {ICSE} 2015, Florence, Italy, May 16-24, 2015, Volume 2},
  pages        = {623--626},
  publisher    = {{IEEE} Computer Society},
  year         = {2015},
  url          = {https://doi.org/10.1109/ICSE.2015.208},
  doi          = {10.1109/ICSE.2015.208},
  timestamp    = {Thu, 23 Mar 2023 23:58:06 +0100},
  biburl       = {https://dblp.org/rec/conf/icse/NoureddineR15.bib},
  bibsource    = {dblp computer science bibliography, https://dblp.org}
}

@inproceedings{DBLP:conf/hicss/ParadisKT21,
  author       = {Carlos V. Paradis and
                  Rick Kazman and
                  Damian Andrew Tamburri},
  title        = {Architectural Tactics for Energy Efficiency: Review of the Literature
                  and Research Roadmap},
  booktitle    = {54th Hawaii International Conference on System Sciences, {HICSS} 2021,
                  Kauai, Hawaii, USA, January 5, 2021},
  pages        = {1--10},
  publisher    = {ScholarSpace},
  year         = {2021},
  url          = {https://hdl.handle.net/10125/71488},
  timestamp    = {Wed, 04 May 2022 13:03:15 +0200},
  biburl       = {https://dblp.org/rec/conf/hicss/ParadisKT21.bib},
  bibsource    = {dblp computer science bibliography, https://dblp.org}
}
@article{DBLP:journals/corr/abs-2012-08842,
  author       = {Jos{\'{e}} Pereira dos Reis and
                  Fernando Brito e Abreu and
                  Glauco de Figueiredo Carneiro and
                  Craig Anslow},
  title        = {Code smells detection and visualization: {A} systematic literature
                  review},
  journal      = {CoRR},
  volume       = {abs/2012.08842},
  year         = {2020},
  url          = {https://arxiv.org/abs/2012.08842},
  eprinttype    = {arXiv},
  eprint       = {2012.08842},
  timestamp    = {Sun, 02 Oct 2022 15:32:07 +0200},
  biburl       = {https://dblp.org/rec/journals/corr/abs-2012-08842.bib},
  bibsource    = {dblp computer science bibliography, https://dblp.org}
}

@inproceedings{liu2017detection,
  title={The detection of code smell on software development: a mapping study},
  author={Liu, Xinghua and Zhang, Cheng},
  booktitle={2017 5th International Conference on Machinery, Materials and Computing Technology (ICMMCT 2017)},
  pages={560--575},
  year={2017},
  organization={Atlantis Press}
}

@inproceedings{DBLP:conf/wcre/TsantalisCC18,
  author       = {Nikolaos Tsantalis and
                  Theodoros Chaikalis and
                  Alexander Chatzigeorgiou},
  editor       = {Rocco Oliveto and
                  Massimiliano Di Penta and
                  David C. Shepherd},
  title        = {Ten years of JDeodorant: Lessons learned from the hunt for smells},
  booktitle    = {25th International Conference on Software Analysis, Evolution and
                  Reengineering, {SANER} 2018, Campobasso, Italy, March 20-23, 2018},
  pages        = {4--14},
  publisher    = {{IEEE} Computer Society},
  year         = {2018},
  url          = {https://doi.org/10.1109/SANER.2018.8330192},
  doi          = {10.1109/SANER.2018.8330192},
  timestamp    = {Fri, 24 Mar 2023 00:04:45 +0100},
  biburl       = {https://dblp.org/rec/conf/wcre/TsantalisCC18.bib},
  bibsource    = {dblp computer science bibliography, https://dblp.org}
}

@article{DBLP:journals/ese/FontanaMZM16,
  author       = {Francesca Arcelli Fontana and
                  Mika V. M{\"{a}}ntyl{\"{a}} and
                  Marco Zanoni and
                  Alessandro Marino},
  title        = {Comparing and experimenting machine learning techniques for code smell
                  detection},
  journal      = {Empir. Softw. Eng.},
  volume       = {21},
  number       = {3},
  pages        = {1143--1191},
  year         = {2016},
  url          = {https://doi.org/10.1007/s10664-015-9378-4},
  doi          = {10.1007/s10664-015-9378-4},
  timestamp    = {Wed, 16 Mar 2022 23:54:04 +0100},
  biburl       = {https://dblp.org/rec/journals/ese/FontanaMZM16.bib},
  bibsource    = {dblp computer science bibliography, https://dblp.org}
}

@inproceedings{pereira2017energy,
  title={Energy efficiency across programming languages: how do energy, time, and memory relate?},
  author={Pereira, Rui and Couto, Marco and Ribeiro, Francisco and Rua, Rui and Cunha, J{\'a}come and Fernandes, Jo{\~a}o Paulo and Saraiva, Jo{\~a}o},
  booktitle={Proceedings of the 10th ACM SIGPLAN international conference on software language engineering},
  pages={256--267},
  year={2017}
}

@inproceedings{couto2017towards,
  title={Towards a green ranking for programming languages},
  author={Couto, Marco and Pereira, Rui and Ribeiro, Francisco and Rua, Rui and Saraiva, Jo{\~a}o},
  booktitle={Proceedings of the 21st Brazilian Symposium on Programming Languages},
  pages={1--8},
  year={2017}
}

@inproceedings{lima2016haskell,
  title={Haskell in green land: Analyzing the energy behavior of a purely functional language},
  author={Lima, Lu{\'\i}s Gabriel and Soares-Neto, Francisco and Lieuthier, Paulo and Castor, Fernando and Melfe, Gilberto and Fernandes, Jo{\~a}o Paulo},
  booktitle={2016 IEEE 23rd international conference on Software Analysis, Evolution, and Reengineering (SANER)},
  volume={1},
  pages={517--528},
  year={2016},
  organization={IEEE}
}

@inproceedings{semeraro2021sustainability,
  title={Sustainability Aspects and Impacts in Cyber-Physical Social Systems},
  author={Semeraro, Concetta and Caggiano, Mariateresa and Dassisti, Michele},
  booktitle={2021 International Conference on Cyber-Physical Social Intelligence (ICCSI)},
  pages={1--6},
  year={2021},
  organization={IEEE}
}